@article{Weinstein1983,
  doi       = {10.1016/s0006-3495(83)84287-8},
  url       = {https://doi.org/10.1016/s0006-3495(83)84287-8},
  year      = {1983},
  month     = nov,
  publisher = {Elsevier {BV}},
  volume    = {44},
  number    = {2},
  pages     = {153--170},
  author    = {A.M. Weinstein},
  title     = {Nonequilibrium thermodynamic model of the rat proximal tubule epithelium},
  journal   = {Biophysical Journal}
}

@article{Weinstein1998,
  doi       = {10.1152/ajprenal.1998.274.5.f841},
  url       = {https://doi.org/10.1152/ajprenal.1998.274.5.f841},
  year      = {1998},
  month     = may,
  publisher = {American Physiological Society},
  volume    = {274},
  number    = {5},
  pages     = {F841--F855},
  author    = {Alan M. Weinstein},
  title     = {A mathematical model of the inner medullary collecting duct of the rat: pathways for Na and K transport},
  journal   = {American Journal of Physiology-Renal Physiology}
}

@article{Weinstein2007,
  doi       = {10.1152/ajprenal.00392.2006},
  url       = {https://doi.org/10.1152/ajprenal.00392.2006},
  year      = {2007},
  month     = apr,
  publisher = {American Physiological Society},
  volume    = {292},
  number    = {4},
  pages     = {F1164--F1181},
  author    = {Alan M. Weinstein and Sheldon Weinbaum and Yi Duan and Zhaopeng Du and QingShang Yan and Tong Wang},
  title     = {Flow-dependent transport in a mathematical model of rat proximal tubule},
  journal   = {American Journal of Physiology-Renal Physiology}
}

@article{Weinstein2008,
  doi       = {10.1152/ajprenal.90356.2008},
  url       = {https://doi.org/10.1152/ajprenal.90356.2008},
  year      = {2008},
  month     = nov,
  publisher = {American Physiological Society},
  volume    = {295},
  number    = {5},
  pages     = {F1353--F1364},
  author    = {Alan M. Weinstein},
  title     = {A mathematical model of distal nephron acidification: diuretic effects},
  journal   = {American Journal of Physiology-Renal Physiology}
}

@article{Weinstein2010,
  doi       = {10.1152/ajprenal.00231.2009},
  url       = {https://doi.org/10.1152/ajprenal.00231.2009},
  year      = {2010},
  month     = mar,
  publisher = {American Physiological Society},
  volume    = {298},
  number    = {3},
  pages     = {F525--F542},
  author    = {Alan M. Weinstein and Thomas A. Krahn},
  title     = {A mathematical model of rat ascending Henle limb. {II}. Epithelial function},
  journal   = {American Journal of Physiology-Renal Physiology}
}

@article{Weinstein2015,
  doi       = {10.1152/ajprenal.00504.2014},
  url       = {https://doi.org/10.1152/ajprenal.00504.2014},
  year      = {2015},
  month     = may,
  publisher = {American Physiological Society},
  volume    = {308},
  number    = {10},
  pages     = {F1076--F1097},
  author    = {Alan M. Weinstein},
  title     = {A mathematical model of rat proximal tubule and loop of Henle},
  journal   = {American Journal of Physiology-Renal Physiology}
}

@article{Weinstein2017,
  doi       = {10.1152/ajprenal.00536.2016},
  url       = {https://doi.org/10.1152/ajprenal.00536.2016},
  year      = {2017},
  month     = jun,
  publisher = {American Physiological Society},
  volume    = {312},
  number    = {6},
  pages     = {F925--F950},
  author    = {Alan M. Weinstein},
  title     = {A mathematical model of the rat kidney: \ce{ K+ }-induced natriuresis},
  journal   = {American Journal of Physiology-Renal Physiology}
}

@article{Stephenson1987,
  doi = {10.1152/ajprenal.1987.253.5.f982},
  url = {https://doi.org/10.1152/ajprenal.1987.253.5.f982},
  year = {1987},
  month = nov,
  publisher = {American Physiological Society},
  volume = {253},
  number = {5},
  pages = {F982--F997},
  author = {J. L. Stephenson and Y. Zhang and A. Eftekhari and R. Tewarson},
  title = {Electrolyte transport in a central core model of the renal medulla},
  journal = {American Journal of Physiology-Renal Physiology}
}

@article{Stephenson1989,
  doi = {10.1152/ajprenal.1989.257.3.f399},
  url = {https://doi.org/10.1152/ajprenal.1989.257.3.f399},
  year = {1989},
  month = sep,
  publisher = {American Physiological Society},
  volume = {257},
  number = {3},
  pages = {F399--F413},
  author = {J. L. Stephenson and Y. Zhang and R. Tewarson},
  title = {Electrolyte,  urea,  and water transport in a two-nephron central core model of the renal medulla},
  journal = {American Journal of Physiology-Renal Physiology}
}